@misc{SurveyOnActualStateOfAcademicInformationInfrastructure,
    author = {文部科学省},
    title = {平成28年度「学術情報基盤実態調査」について（概要）},
    year = {2017},
    month = {3},
    howpublished = {\url{http://www.mext.go.jp/b_menu/houdou/29/03/__icsFiles/afieldfile/2017/08/04/1383655_1.pdf}}
}

@misc{openstack,
    author = {日本OpenStackユーザ会},
    title = {日本語ドキュメント},
    howpublished = {\url{https://docs.openstack.org/ja/}}
}

@misc{nokodai,
    author = {三島和宏},
    title = {⼤学における電⼦計算機システムのクラウド化とBYOD化の取り組み〜東京農⼯⼤学の事例から〜},
    howpublished = {\url{http://edtech.axies.jp/wp-content/uploads/2017/01/conf2016_2-1.pdf}},
    year = {2016},
    month = {12}
}